<record><leader>00000cas a22000007a 4500</leader><controlfield tag="001">17497496</controlfield><controlfield tag="008">880218d19611965lauwr ne      0    0eng d</controlfield><datafield ind1=" " ind2=" " tag="010"><subfield code="a">sn 88064096 </subfield></datafield><datafield ind1=" " ind2=" " tag="040"><subfield code="a">LNP</subfield><subfield code="b">eng</subfield><subfield code="c">LNP</subfield><subfield code="d">OCLCQ</subfield></datafield><datafield ind1=" " ind2=" " tag="042"><subfield code="a">msc</subfield></datafield><datafield ind1="0" ind2="4" tag="245"><subfield code="a">The Lafourche weekly press.</subfield></datafield><datafield ind1=" " ind2=" " tag="260"><subfield code="a">Thibodaux, La. :</subfield><subfield code="b">Lafourche Publications</subfield></datafield><datafield ind1=" " ind2=" " tag="310"><subfield code="a">Weekly</subfield></datafield><datafield ind1="0" ind2=" " tag="362"><subfield code="a">Vol. 59, no. 1 (June 21, 1961)-v. 62, no. 15 (May 25, 1965).</subfield></datafield><datafield ind1=" " ind2=" " tag="752"><subfield code="a">United States</subfield><subfield code="b">Louisiana</subfield><subfield code="c">Lafourche</subfield><subfield code="d">Thibodaux.</subfield></datafield><datafield ind1="0" ind2="0" tag="780"><subfield code="t">Lafourche Parish press</subfield><subfield code="w">(DLC)sn 88064095</subfield></datafield><datafield ind1="0" ind2="7" tag="785"><subfield code="t">Post-news</subfield></datafield><datafield ind1="0" ind2="7" tag="785"><subfield code="t">Lafourche press-news</subfield><subfield code="w">(DLC)sn 88064097</subfield></datafield></record>